<?xml version="1.0" encoding="UTF-8"?>
<Document xmlns="urn:iso:std:iso:20022:tech:xsd:camt.053.001.08">
  <BkToCstmrStmt>
    <GrpHdr>
      <MsgId>STMT202605140001</MsgId>
      <CreDtTm>2026-05-18T09:00:00</CreDtTm>
    </GrpHdr>
    <Stmt>
      <Id>STMT202605140001</Id>
      <LglSeqNb>1</LglSeqNb>
      <CreDtTm>2026-05-16T09:00:00</CreDtTm>
      <Acct>
        <Id><IBAN>JP1234567801</IBAN></Id>
        <Ccy>JPY</Ccy>
      </Acct>
      <Bal>
        <Tp><CdOrPrtry><Cd>OPBD</Cd></CdOrPrtry></Tp>
        <Amt Ccy="JPY">53587482</Amt>
        <CdtDbtInd>CRDT</CdtDbtInd>
        <Dt><Dt>2026-05-01</Dt></Dt>
      </Bal>
      <Ntry>
        <Amt Ccy="EUR">5979642</Amt>
        <CdtDbtInd>DBIT</CdtDbtInd>
        <Sts>
          <Cd>BOOK</Cd>
        </Sts>
        <BookgDt><Dt>2026-05-03</Dt></BookgDt>
        <NtryDtls>
          <TxDtls>
            <RmtInf><Ustrd>Entry 1 - Payment ref #1108</Ustrd></RmtInf>
          </TxDtls>
        </NtryDtls>
      </Ntry>
      <Ntry>
        <Amt Ccy="EUR">21270093</Amt>
        <CdtDbtInd>DBIT</CdtDbtInd>
        <Sts>
          <Cd>BOOK</Cd>
        </Sts>
        <BookgDt><Dt>2026-05-04</Dt></BookgDt>
        <NtryDtls>
          <TxDtls>
            <RmtInf><Ustrd>Entry 2 - Payment ref #1719</Ustrd></RmtInf>
          </TxDtls>
        </NtryDtls>
      </Ntry>
      <Ntry>
        <Amt Ccy="EUR">6325324</Amt>
        <CdtDbtInd>CRDT</CdtDbtInd>
        <Sts>
          <Cd>BOOK</Cd>
        </Sts>
        <BookgDt><Dt>2026-05-05</Dt></BookgDt>
        <NtryDtls>
          <TxDtls>
            <RmtInf><Ustrd>Entry 3 - Payment ref #1347</Ustrd></RmtInf>
          </TxDtls>
        </NtryDtls>
      </Ntry>
      <Ntry>
        <Amt Ccy="USD">19682468</Amt>
        <CdtDbtInd>DBIT</CdtDbtInd>
        <Sts>
          <Cd>BOOK</Cd>
        </Sts>
        <BookgDt><Dt>2026-05-09</Dt></BookgDt>
        <NtryDtls>
          <TxDtls>
            <RmtInf><Ustrd>Entry 4 - Payment ref #8688</Ustrd></RmtInf>
          </TxDtls>
        </NtryDtls>
      </Ntry>
      <Ntry>
        <Amt Ccy="USD">2565803</Amt>
        <CdtDbtInd>DBIT</CdtDbtInd>
        <Sts>
          <Cd>BOOK</Cd>
        </Sts>
        <BookgDt><Dt>2026-05-17</Dt></BookgDt>
        <NtryDtls>
          <TxDtls>
            <RmtInf><Ustrd>Entry 5 - Payment ref #8912</Ustrd></RmtInf>
          </TxDtls>
        </NtryDtls>
      </Ntry>
      <Ntry>
        <Amt Ccy="EUR">13982305</Amt>
        <CdtDbtInd>DBIT</CdtDbtInd>
        <Sts>
          <Cd>BOOK</Cd>
        </Sts>
        <BookgDt><Dt>2026-05-01</Dt></BookgDt>
        <NtryDtls>
          <TxDtls>
            <RmtInf><Ustrd>Entry 6 - Payment ref #7524</Ustrd></RmtInf>
          </TxDtls>
        </NtryDtls>
      </Ntry>
    </Stmt>
  </BkToCstmrStmt>
</Document>